@book{knuth1984texbook,
  author    = {Donald E. Knuth},
  title     = {The TeXbook},
  year      = {1984},
  publisher = {Addison-Wesley},
  address   = {Reading, Massachusetts}
}

@book{lamport1986latex,
  author    = {Leslie Lamport},
  title     = {LaTeX: A Document Preparation System},
  year      = {1986},
  publisher = {Addison-Wesley},
  address   = {Reading, Massachusetts}
}

@article{smith2020analysis,
  author    = {John Smith and Jane Doe},
  title     = {Analysis of Sample Data in Bioinformatics},
  journal   = {Journal of Bioinformatics},
  volume    = {12},
  number    = {4},
  pages     = {234--245},
  year      = {2020},
  publisher = {Bioinformatics Society}
}

@inproceedings{doe2021conference,
  author    = {Jane Doe and John Smith},
  title     = {A Novel Approach to Data Analysis},
  booktitle = {Proceedings of the 10th International Conference on Data Science},
  year      = {2021},
  pages     = {150--160},
  publisher = {Data Science Institute}
}

@misc{website2023example,
  author    = {Author Name},
  title     = {Title of the Web Page},
  year      = {2023},
  howpublished = {\url{https://www.example.com}},
  note      = {Accessed: 2023-07-12}
}

@phdthesis{doe2022thesis,
  author    = {John Doe},
  title     = {Research on Data Analysis Methods},
  year      = {2022},
  school    = {University of Example},
  address   = {Example City}
}
